@article{hill1910,
  author    = {Archibald V. Hill},
  title     = {The possible effects of the aggregation of the molecules of haemoglobin on its dissociation curves},
  journal   = {Journal of Physiology},
  year      = {1910},
  volume    = {40},
  pages     = {iv–vii}
}

@book{alberts_cell_2014,
  title     = {Molecular Biology of the Cell},
  author    = {Alberts, Bruce and Johnson, Alexander and Lewis, Julian and others},
  year      = {2014},
  publisher = {Garland Science},
  edition   = {6th}
}

@article{shannon1948,
  author    = {Claude E. Shannon},
  title     = {A Mathematical Theory of Communication},
  journal   = {Bell System Technical Journal},
  year      = {1948},
  volume    = {27},
  number    = {3},
  pages     = {379--423, 623--656}
}

@article{changeux1984,
  author    = {Jean-Pierre Changeux and Stuart J. Edelstein},
  title     = {Allosteric receptors after 30 years},
  journal   = {Neuron},
  year      = {1984},
  volume    = {2},
  number    = {6},
  pages     = {867–875}
}

@article{qian2006,
  author    = {Hong Qian and Thomas C. Reluga},
  title     = {Nonequilibrium Thermodynamics and Nonlinear Kinetics in a Cellular Signaling Switch},
  journal   = {Physical Review Letters},
  year      = {2006},
  volume    = {96},
  number    = {2},
  pages     = {028101}
}
